%%%%%%%%%%%%%%%%%%%%%%%%%%%%%%%%%%
%%%%%%%%%%%%%%%%%%%%%%%%%%%%%%%%%%
% Articles
%%%%%%%%%%%%%%%%%%%%%%%%%%%%%%%%%%
%%%%%%%%%%%%%%%%%%%%%%%%%%%%%%%%%%

@article{Wright_1920,
author		= "Wright, S.",
title 		= "The relative importance of heredity and environment in determining the piebald pattern of guinea pigs",
journal		= "Proceedings of the National Academy of Sciences",
volume		= "6",
number		= "6",
pages		= "320-332",
year  		= "1920",
//month		= "",
//note 		= "",
doi		= {https://doi.org/10.1073/pnas.6.6.320},
//url		= {}
}

@article{Rasch_1960,
author		= "Rasch, G.",
title 		= "On general laws and the meaning of measurement on psychology",
journal		= "Danish Institute of Educational Research",
//volume	= "",
//number	= "",
//pages		= "",
year  		= "1960",
//month		= "",
//note 		= "",
//doi		= {},
url		= {https://projecteuclid.org/ euclid.bsmsp/1200512895}
}


@article{McDonald_1967,
author		= "McDonald, R.",
title		= "Non-linear factor analysis",
journal		= "Psychometric Monographs",
//volume	= "",
number		= "15",
//pages		= "",
year		= "1967",
//month		= "",
//note		= "",
//doi		= {},
//url		= {}
}

@article{Samejima_1969,
author		= "Samejima, F.",
title 		= "Estimation of Latent Ability Using a Response Pattern of Graded Scores",
journal		= "Psychometrika",
//volume	= "",
number		= "17",
//pages		= "",
year		= "1969",
//month		= "",
//note		= "",
doi		= {https://doi.org/10.1007/BF03372160},
//url		= {}
}

@article{Nelder_et_al_1972,
author		= "Nelder, J. and Wedderburn, W.",
title		= "Generalized Linear Models",
journal		= "Royal Statistical Society",
volume		= "135",
number		= "3",
pages		= "370-384",
year		= "1972",
//month		= "",
//note		= "",
doi		= {https://doi.org/10.2307/2344614},
url		= {https://www.jstor.org/stable/2344614}
}

@article{Bock_1972,
author		= "Bock, R.",
title		= "Estimating Item Parameters and Latent ability when responses are scored in two or more nominal categories",
journal		= "Psychometrika",
volume		= "37",
number		= "1",
//pages		= "",
year		= "1972",
//month		= "",
//note		= "",
doi		= {https://doi.org/10.1007/BF02291411},
//url		= {}
}

@article{Samejima_1972,
author		= "Samejima, F.",
title		= "A General Model for Free-Response Data",
journal		= "Psychometric Society",
//volume	= "",
number		= "18",
//pages		= "",
year		= "1972",
//month		= "",
//note		= "",
//doi		= {},
url		= {http://www.psychometrika.org/journal/online/MN18.pdf}
}

@article{Martin_et_al_1975,
author		= "Martin, J. and McDonald, R.",
title		= "Bayesian estimation in unrestricted factor analysis: A treatment for Heywood cases",
journal	= "Psychometrika",
//volume	= "",
number		= "40",
pages		= "505–517",
year		= "1975",
//month		= "",
//note		= "",
doi		= {https://doi.org/10.1007/BF02291552},
//url		= {}
}

@article{Rubin_1976,
author		= "Rubin, D.",
title		= "Inference and Missing Data",
journal		= "Biometrika",
volume		= "63",
number		= "3",
pages		= "581-592",
year		= "1976",
//month		= "",
//note		= "",
//doi		= {},
//url		= {}
}


@article{Hekman_1979,
title		= "Sample Selection Bias As a Specification Error",
author		= "Heckman, J.",
institution	= "Econometrika",
volume		= "47",
number		= "1",
pages		= "153-161",
year		= "1979",
//month		= "",
//note		= "",
doi 		= {https://www.doi.org/10.2307/1912352},
url 		= {https://www.jstor.org/stable/1912352}
}

@article{Chapaaan_et_al_1982,
author		= "Chapaaan, R. and Staelin, R.",
title		= "Exploiting Rank Ordered Choice Set Data within the Stochastic Utility Model",
journal		= "Journal of Marketing Research",
volume		= "19",
number		= "3",
pages		= "288-301",
year		= "1982",
//month		= "",
//note		= "",
doi		= {https://www.doi.org/10.1177/002224378201900302},
//url		= {}
}

@article{Yen_1984,
author		= "Yen, W.",
title		= "Effects of Local Item Dependence on the Fit and Equating Performance of the Three-Parameter Logistic Model",
journal	= "Applied Psychological Measurement",
volume		= "8",
number		= "2",
pages		= "125-145",
year		= "1984",
//month	= "",
//note		= "",
doi		= {https://doi.org/10.1177/014662168400800201},
//url		= {}
}


@article{Takane_et_al_1987,
author		= "Takane, Y. and de Leeuw, J.",
title		= "On the relationship between item response theory and factor analysis of discretized variables",
journal		= "Psychometrika",
volume		= "52",
number		= "3",
pages		= "393-408",
year		= "1987",
//month		= "",
//note		= "",
doi		= {https://www.doi.org/10.1007/BF02294363},
//url		= {}
}

@article{Muthen_et_al_1991,
author		= "Muthén, B. and Kao, C. and Burstein, L.",
title		= "Instructional sensitivity in mathematics achievement test items: Applications of a new IRT-based detection technique",
journal	= "Journal of Educational Measurement",
volume		= "28",
number		= "1",
pages		= "1-22",
year		= "1991",
//month		= "",
//note			= "",
//doi			= {},
url		= {https://files.eric.ed.gov/fulltext/ED338678.pdf}
}

@article{Keane_1992,
author		= "Keane, M.",
title		= "A note on identiﬁcation in the multinomial probit model",
journal	= "Journal of Business and Economic Statistics",
volume		= "10",
number		= "2",
pages		= "193-200",
year		= "1992",
//month		= "",
//note			= "",
doi		= {https://doi.org/10.2307/1391677 },
url		= {https://www.jstor.org/stable/1391677}
}

@article{Spiegelhalter_et_al_1994,
author		= "Spiegelhalter, D. and Freedman, L. and Parmar, M.",
title		= "Bayesian approaches to randomized trials (with discussion)",
journal	= "Journal of the Royal Statistical Society",
volume		= "157",
number		= "3",
pages		= "357–416",
year		= "1994",
//month		= "",
//note			= "",
doi		= {https://doi.org/10.2307/2983527},
//url		= {}
}

@article{Gelfand_et_al_1995,
author		= "Gelfand, A. and Sahu, S. and Carlin, B.",
title		= "Efficient parametrisations for normal linear mixed models",
journal	= "Biometrika",
volume		= "82",
number		= "3",
pages		= "479-488",
year		= "1995",
//month		= "",
//note			= "",
doi		= {https://doi.org/10.1093/biomet/82.3.479},
//url		= {}
}

@article{Gelman_et_al_1996,
author		= "Gelman, A. and Rubin, D.",
title		= "Markov chain Monte Carlo methods in biostatistics",
journal	= "Statistical Methods in Medical Research",
volume		= "5",
number		= "4",
pages		= "339-355",
year		= "1996",
//month		= "",
//note			= "",
doi		= {https://doi.org/10.1177/096228029600500402},
//url		= {}
}

@article{Chen_et_al_1997,
author		= "Chen, W. and Thissen, D.",
title		= "Local Dependence Indexes for Item Pairs Using Item Response Theory",
journal	= "Journal of Educational and Behavioral Statistics",
volume		= "22",
number		= "3",
pages		= "265-289",
year		= "1997",
//month		= "",
//note			= "",
doi		= {https://doi.org/10.3102/10769986022003265},
//url		= {}
}

@Article{Baker_1998,
author  	= {Baker, F.},
title   	= {An Investigation of the Item Parameter Recovery Characteristics of a Gibbs Sampling Procedure},
journal 	= {Applied Psychological Measurement},
volume  	= {22},
number  	= {22},
pages   	= {153-169},
year    	= {1998},
//month		= "",
//note			= "",
doi     	= {https://doi.org/10.1177/01466216980222005},
//url		= {}
}

@Article{Bradlow_1999,
author  	= {Bradlow, E. and Wainer, H. and Wang, X.},
title   	= {A Bayesian random effects model for testlets},
journal 	= {Psychometrika},
volume  	= {64},
number  	= {2},
pages   	= {153-168},
year    	= {1999},
//month		= "",
//note			= "",
doi     	= {https://doi.org/10.1007/BF02294533},
//url		= {}
}

@article{Lunn_et_al_2000,
author		= "Lunn, D. and Thomas, A. and Best, N. and Spiegelhalter, D.",
title		= "WinBUGS - A Bayesian modelling framework: Concepts, structure, and extensibility",
journal		= "Statistics and Computing",
//volume	= "28",
number		= "10",
pages		= "325-337",
year		= "2000",
//month		= "",
//note		= "",
doi		= {https://www.doi.org/10.1023/A:1008929526011},
//url		= {}
}

@article{Bernaards_et_al_2000,
author		= "Bernaards, C. and Sijtsma, K.",
title		= "Influence of Imputation and EM Methods on factor Analysis when Item nonresponse in Questionnaire Data is Nonignorable",
journal		= "Multivariate Behavioral Research",
volume		= "35",
number		= "3",
pages		= "321-364",
year		= "2000",
//month		= "",
//note		= "",
//doi		= {},
//url		= {}
}

@article{Edwards_et_al_2000,
author		= "Edwards, J. and Bagozzi, R.",
title		= "On the nature and direction of relationships between constructs and measures",
journal		= "Psychological Methods",
volume		= "5",
number		= "2",
pages		= "155-174",
year		= "2000",
//month		= "",
//note		= "",
doi		= {https://www.doi.org/10.1037/1082-989X.5.2.155},
//url		= {}
}

@article{Rabe_et_al_2001,
author		= "Rabe-Hesketh, S. and Yang, S. and Pickles, A.",
title		= "Multilevel models for censored and latent responses",
journal		= "Statistical Methods in Medical Research",
volume		= "10",
number		= "6",
pages		= "409-427",
year		= "2001",
//month		= "",
//note			= "",
doi		= {https://www.doi.org/10.1177/096228020101000604},
//url		= {}
}

@Article{Wollack_2002,
author  	= {James A. Wollack and Daniel M. Bolt and Allan S. Cohen and Young-Sun Lee},
title   	= {Recovery of Item Parameters in the Nominal Response Model: A Comparison of Marginal Maximum Likelihood Estimation and Markov Chain Monte Carlo Estimation},
journal 	= {Applied Psychological Measurement},
volume  	= {26},
number  	= {3},
pages   	= {339-352},
year    	= {2002},
//month		= "",
//note			= "",
doi     	= {https://www.doi.org/10.1177/0146621602026003007},
//url		= {}
}

@article{Skrondal_et_al_2003a,
author		= "Skrondal, A. and Rabe-Hesketh, S.",
title		= "Multilevel logistic regression for polytomous data and rankings",
journal	= "Psychometrika",
volume		= "68",
//number	= "",
pages		= "267-287",
year		= "2003",
//month		= "",
//note		= "",
doi		= {https://www.doi.org/10.1007/BF02294801},
//url		= {}
}

@article{Skrondal_et_al_2003b,
author		= "Skrondal, A. and Rabe-Hesketh, S.",
title		= "Some applications of generalized linear latent and mixed models in epidemiology: Repeated measures, measurement error and multilevel modeling",
journal	= "Norsk Epidemiologi",
volume		= "13",
number		= "2",
pages		= "265-278",
year		= "2003",
//month		= "",
//note		= "",
//doi		= {},
//url		= {}
}

@article{Rabe_et_al_2003a,
author		= "Rabe-Hesketh, S. and Skrondal, A. and Pickles, A.",
title		= "Maximum likelihood estimation of generalized linear models with covariate measurement error",
journal	= "The Stata Journal",
volume		= "3",
number		= "4",
pages		= "386-411",
year		= "2003",
//month		= "",
//note		= "",
doi		= {https://www.doi.org/10.1177/1536867X0400300408},
url		= {https://journals.sagepub.com/doi/pdf/10.1177/1536867X0400300408}
}

@article{Rabe_et_al_2003b,
author		= "Rabe-Hesketh, S. and Pickles, A. and Skrondal, A.",
title		= "Correcting for covariate measurement error in logistic regression using nonparametric maximum likelihood estimation",
journal	= "Statistical Modelling",
volume		= "3",
number		= "3",
pages		= "215-232",
year		= "2003",
//month		= "",
//note		= "",
doi		= {https://www.doi.org/10.1191/1471082X03st056oa},
//url		= {}
}

@article{Papaspiliopoulos_et_al_2003,
author		= "Papaspiliopoulos, O. and Roberts, G. and Skold, M.",
title		= "Non-Centered Parameterisations for Hierarchical Models and Data Augmentation",
journal	= "Bayesian Statistics",
volume		= "7",
//number		= "",
pages		= "307-326",
year		= "2003",
//month		= "",
//note		= "",
//doi		= {},
url		= {http://econ.upf.edu/~omiros/papers/val7.pdf}
}

@article{Rockoff_2004,
author		= "Rockoff, J.",
title		= "The Impact of Individual Teachers on Student Achievement: Evidence from Panel Data",
journal		= "The American Economic Review",
volume		= "94",
number		= "2",
pages		= "247-252",
year		= "2004",
//month		= "",
//note		= "",
//doi		= {},
url		= {http://www.jstor.org/stable/3592891}
}

@article{Rabe_et_al_2004a,
author		= "Rabe-Hesketh, S. and Skrondal, A. and Pickles, A.",
title		= "Generalized multilevel structural equation modeling",
journal	= "Psychometrika",
volume		= "69",
number		= "2",
pages		= "167-190",
year		= "2004",
//month		= "",
//note		= "",
doi		= {https://www.doi.org/10.1007/BF02295939},
//url		= {}
}

@article{Rabe_et_al_2004b,
author		= "Rabe-Hesketh, S. and Skrondal, A. and Pickles, A.",
title		= "Maximum likelihood estimation of limited and discrete dependent variable models with nested random effects",
journal		= "Journal of Econometrics",
volume		= "128",
number		= "2",
pages		= "301-323",
year		= "2004",
//month		= "",
//note		= "",
doi		= {https://www.doi.org/10.1016/j.jeconom.2004.08.017},
url		= {http://www.sciencedirect.com/science/article/pii/S0304407604001599}
}

@article{Fox_2005,
author		= "Fox, J.",
title		= "Multilevel IRT using dichotomous and polytomous items",
journal	= "British Journal of Mathematical and Statistical Psychology",
//volume	= "",
number		= "58",
pages		= "145-172",
year		= "2005",
//month		= "",
//note		= "",
//doi		= {},
//url		= {}
}

@article{Holman_et_al_2005,
author		= "Holman, R. and Glas, C.",
title		= "Modelling non-ignorable missing data mechanisms with item response theory models",
journal		= "British Journal of Mathematical and Statistical Psychology",
//volume	= "",
number		= "58",
pages		= "1-17",
year		= "2005",
//month		= "",
//note		= "",
//doi		= {},
//url		= {}
}

@article{Rivkin_et_al_2005,
author		= "Rivkin, S. and Hanushek, E. and Kain, J.",
title		= "Teachers, Schools, and Academic Achievement",
journal		= "Econometrica",
volume		= "73",
number		= "2",
pages		= "417-458",
year		= "2005",
//month		= "",
//note		= "",
doi		= {https://www.doi.org/10.1111/j.1468-0262.2005.00584.x},
url		= {https://onlinelibrary.wiley.com/doi/abs/10.1111/j.1468-0262.2005.00584.x}
}

@article{Santibanez_2006,
author		= "Santibañez, L.",
title		= "Why we should care if teachers get A's: Teacher test scores and student achievement in Mexico",
journal		= "Economics of Education Review",
volume		= "25",
number		= "5",
pages		= "510-520",
year		= "2006",
//month		= "",
//note		= "",
doi		= {https://www.doi.org/10.1016/j.econedurev.2005.08.001},
url		= {http://www.sciencedirect.com/science/article/pii/S0272775705000804}
}

@article{Papaspiliopoulos_et_al_2007,
author		= "Papaspiliopoulos, O. and Roberts, G. and Skold, M.",
title		= "A General Framework for the Parametrization of Hierarchical Models",
journal	= "Statistical Science",
volume		= "22",
number		= "1",
pages		= "59-73",
year		= "2007",
//month		= "",
//note		= "",
doi		= {https://www.doi.org/10.1214/088342307000000014},
//url		= {}
}

@article{Dee_et_al_2008,
author 		= "Dee, T. and Cohodes, S.",
title 		= "Out-of-Field Teachers and Student Achievement: Evidence from Matched-Pairs Comparisons",
journal		= "Public Finance Review",
volume		= "36",
number		= "1",
pages		= "7-32",
year		= "2008",
doi		= {https://www.doi.org/10.1177/1091142106289330},
//url		= {}
}

@article{Kamata_et_al_2008,
author		= "Kamata, A. and Bauer, D.",
title		= "A Note on the Relation Between Factor Analytic and Item Response Theory Models",
journal		= "Structural Equation Modeling: A Multidisciplinary Journal",
volume		= "15",
number		= "1",
pages		= "136-153",
year		= "2008",
//month		= "",
//note		= "",
doi		= {https://www.doi.org/10.1080/10705510701758406},
//url		= {}
}

@article{Marshall_2009,
author		= "Marshall, J.",
title		= "School quality and learning gains in rural Guatemala",
journal		= "Economics of Education Review",
volume		= "28",
number		= "2",
pages		= "207-216",
year		= "2009",
//month		= "",
//note		= "",
doi		= {https://www.doi.org/10.1016/j.econedurev.2007.10.009},
url		= {http://www.sciencedirect.com/science/article/pii/S0272775708000745}
}

@article{Hsieh_2010,
author    	= "Hsieh, M. and Proctor, T. and Hou, J. and Teo, K.",
title     	= "A comparison of bayesian MCMC and Marginal Maximum Likehood methods in estimating the item parameters for the 2PL IRT model",
journal   	= "International Journal of Innovative Management, Information and Production",
volume   	= "1",
number   	= "1",
pages    	= "81-89",
year      	= "2010",
//month    		= "",
//note     		= "",
//doi		= {},
url		= {http://ismeip.org/IJIMIP/contents/imip1011/10IN15T.pdf}
}

@article{Scherrer_2011,
author		= "Scherrer, J.",
title		= "Measuring Teaching Using Value-Added Modeling: The Imperfect Panacea",
journal		= "NASSP Bulletin",
volume		= "95",
number		= "2",
pages		= "122-140",
year		= "2011",
doi		= {https://www.doi.org/10.1177/0192636511410052},
//url		= {}
}

@article{Rockoff_et_al_2011,
author		= "Rockoff, J. and Jacob, B. and Kane, T. and Staiger, D.",
title		= "Can You Recognize an Effective Teacher When You Recruit One?",
journal		= "Education Finance and Policy",
volume		= "6",
number		= "1",
pages		= "43-74",
year		= "2011",
//month		= "",
//note		= "",
doi		= {https://www.doi.org/10.1162/EDFP\_a\_00022},
//url		= {}
}

@article{Jiao_et_al_2012,
author		= "Jiao, H. and Kamata, A. and Wang, S. and Jin, Y.",
title		= "A Multilevel Testlet Model for Dual Local Dependence",
journal	= "Journal of Educational Measurement",
volume		= "49",
//number		= "1",
pages		= "82-100",
year		= "2012",
//month		= "",
//note		= "",
doi		= {https://doi.org/10.1111/j.1745-3984.2011.00161.x},
//url		= {}
}

Jiao, H., Kamata, A., Wang, S. and Jin, Y. (2012), A Multilevel Testlet Model for Dual Local Dependence. Journal of Educational Measurement, 49: 82-100. https://doi.org/10.1111/j.1745-3984.2011.00161.x

@article{Hanushek_et_al_2012,
author		= "Hanushek, E. and Rivkin, S.",
title		= "The Distribution of Teacher Quality and Implications for Policy",
journal		= "Annual Review of Economics",
volume		= "4",
number		= "1",
pages		= "131-157",
year		= "2012",
//month		= "",
//note		= "",
doi		= {https://www.doi.org/10.1146/annurev-economics-080511-111001},
//url		= {}
}

@article{Metzler_et_al_2012,
author		= "Metzler, J. and Woessmann, L.",
title		= "The impact of teacher subject knowledge on student achievement: Evidence from within-teacher within-student variation",
journal		= "Journal of Development Economics",
volume		= "99",
number		= "2",
pages		= "486-496",
year		= "2012",
//month		= "",
//note		= "",
doi		= {https://www.doi.org/10.1016/j.jdeveco.2012.06},
url		= {https://ideas.repec.org/a/eee/deveco/v99y2012i2p486-496.html}
}

@article{Betancourt_et_al_2013,
author		= "Betancourt, M. and Girolami, M.",
title		= "Hamiltonian Monte Carlo for Hierarchical Models",
journal	= "",
volume		= "",
number		= "",
pages		= "",
year		= "2012",
//month		= "",
//note		= "",
//doi		= {},
url		= {arxiv.org/abs/1312.0906v1}
}

@article{Chetty_et_al_2014a,
author		= "Chetty, R. and Friedman, J. and Rockoff, J.",
title		= "Measuring the Impacts of Teachers I: Evaluating Bias in Teacher Value-Added Estimates",
journal		= "American Economic Review",
volume		= "104",
number		= "9",
pages		= "2593-2632",
year		= "2014",
//month		= "",
//note		= "",
doi		= {https://www.doi.org/10.1257/aer.104.9.2593},
url		= {https://www.aeaweb.org/articles?id=10.1257/aer.104.9.2593}
}

@article{Chetty_et_al_2014b,
author		= "Chetty, R. and Friedman, J. and Rockoff, J.",
title		= "Measuring the Impacts of Teachers II: Teacher Value-Added and Student Outcomes in Adulthood",
journal		= "American Economic Review",
volume		= "104",
number		= "9",
pages		= "2633–2679",
year		= "2014",
//month		= "",
//note		= "",
doi		= {https://www.doi.org/10.1257/aer.104.9.2593},
url		= {https://www.aeaweb.org/articles?id=10.1257/aer.104.9.2593}
}

@article{Duflo_et_al_2015,
author		= "Chetty, R. and Friedman, J. and Rockoff, J.",
title		= "School governance, teacher incentives, and pupil–teacher ratios: Experimental evidence from Kenyan primary schools",
journal		= "Journal of Public Economics",
volume		= "123",
//number	= "",
pages		= "92-110",
year		= "2015",
//month		= "",
//note		= "",
doi		= {https://www.doi.org/10.1016/j.jpubeco.2014.11.008},
url		= {http://www.sciencedirect.com/science/article/pii/S0047272714002412}
}

@article{Araujo_et_al_2016,
author		= "Araujo, M. and Carneiro, P. and Cruz-Aguayo, Y. and Schady, N.",
title		= "Teacher Quality and Learning Outcomes in Kindergarten",
journal		= "The Quarterly Journal of Economics",
volume		= "131",
number		= "3",
pages		= "1415-1453",
year		= "2016",
//month		= "",
//note		= "",
doi		= {https://www.doi.org/10.1093/qje/qjw016},
url		= {https://publications.iadb.org/publications/english/document/Teacher-Quality-and-Learning-Outcomes-in-Kindergarten.pdf}
}

@article{Medeiros_et_al_2018,
author		= "Medeiros, M. and Gómez, C. and Sánchez, M. and Orrego, V.",
title		= "Idoneidad disciplinar de los profesores y mercado de horas docentes en Chile",
journal		= "Calidad en la Educación",
//volume	= "",
number		= "48",
pages		= "50-95",
year		= "2018",
//month		= "",
//note		= "",
doi		= {https://www.doi.org/10.31619/caledu.n48.479},
//url		= {}
}

@article{Bietenbeck_et_al_2018,
author		= "Bietenbeck, J. and Piopiunik, M. and Wiederhold, S.",
title		= "Africa’s Skill Tragedy: Does Teachers’ Lack of Knowledge Lead to Low Student Performance?",
journal		= "Comparative Education Review",
volume		= "53",
number		= "3",
pages		= "553-578",
year		= "2018",
//month		= "",
//note		= "",
doi		= {https://www.doi.org/10.3368/jhr.53.3.0616-8002R1},
url		= {http://jhr.uwpress.org/content/53/3/553.abstract}
}

@article{Fujimoto_2018a,
author 	= "Fujimoto, K.",
title		= "A general Bayesian multilevel multidimensional IRT model for locally dependent data",
journal	= "Br J Math Stat Psychol",
volume		= "71",
number		= "3",
pages		= "536-560",
year		= "2018",
doi		= {https://doi.org/10.1111/bmsp.12133},
//url		= {}
}

@article{Fujimoto_2018b,
author 	= "Fujimoto, K.",
title		= "The Bayesian Multilevel Trifactor Item Response Theory Model",
journal	= "Educational and Psychological Measurement",
volume		= "79",
number		= "3",
pages		= "462-494",
year		= "2018",
doi		= {https://doi.org/10.1177/0013164418806694},
//url		= {}
}

@article{Marotta_2019,
author		= "Marotta, L.",
title		= "Teachers’ Contractual Ties and Student Achievement: The Effect of Temporary and Multiple-School Teachers in Brazil",
journal	= "Comparative Education Review",
volume		= "63",
number		= "3",
pages		= "356-376",
year		= "2019",
//month	= "",
//note		= "",
doi		= {https://www.doi.org/10.1086/703981},
//url		= {}
}

@article{Estrada_2019,
author 	= "Estrada, R.",
title		= "Rules versus Discretion in Public Service: Teacher Hiring in Mexico",
journal	= "Journal of Labor Economics",
volume		= "37",
number		= "2",
pages		= "545-579",
year		= "2019",
doi		= {https://www.doi.org/10.1086/700192},
//url		= {}
}


@article{Fujimoto_2020,
author 	= "Fujimoto, K.",
title		= "A More Flexible Bayesian Multilevel Bifactor Item Response Theory Model",
journal	= "Journal of Educational Measurement",
volume		= "57",
number		= "2",
pages		= "255-285",
year		= "2020",
doi		= {https://doi.org/10.1111/jedm.12249},
//url		= {}
}










%%%%%%%%%%%%%%%%%%%%%%%%%%%%%%%%%%
%%%%%%%%%%%%%%%%%%%%%%%%%%%%%%%%%%
% Tech reports
%%%%%%%%%%%%%%%%%%%%%%%%%%%%%%%%%%
%%%%%%%%%%%%%%%%%%%%%%%%%%%%%%%%%%

@techreport{Lord_1973,
author		= "Lord, F.",
title		= "Estimation of Latent ability and item parameters when there are omitted responses",
institution	= "Educational Testing Service",
//type		= "", 
//number	= "",
//address	= "",
year		= "1973",
//month		= "",
//note		= "",
//doi		= {},
//url		= {}
}

@techreport{Baker_2001,
author		= "Baker, F.",
title		= "The Basic of Item Response Theory",
institution	= "ERIC Clearinghouse on Assessment and Evaluation",
//type		= "", 
//number	= "",
//address	= "",
year		= "2001",
//month		= "",
//note		= "",
//doi		= {},
//url		= {}
}

@techreport{Clotfelter_et_al_2006,
author		= "Clotfelter, C. and Ladd, H. and Vigdor, J.",
title		= "Teacher-Student Matching and the Assessment of Teacher Effectiveness",
institution	= "National Bureau of Economic Research",
type		= "Working Paper", 
number		= "11936",
//address	= "",
year		= "2006",
//month		= "",
//note		= "",
doi		= {https://www.doi.org/10.3386/w11936},
url		= {http://www.nber.org/papers/w11936}
}

@techreport{Clotfelter_et_al_2007,
author		= "Clotfelter, C. and Ladd, H. and Vigdor, J.",
title		= "How and Why do Teacher Credentials Matter for Student Achievement?",
institution	= "National Bureau of Economic Research",
type		= "Working Paper", 
number		= "12828",
//address	= "",
year		= "2007",
//month		= "",
//note		= "",
doi		= {https://www.doi.org/10.3386/w12828},
url		= {http://www.nber.org/papers/w12828}
}

@techreport{Rose_et_al_2010,
author		= "Rose, N. and Davier, M. and Xu, X. ",
title		= "Modeling Nonignorable Missing Data with Item Response Theory (IRT)",
institution	= "Educational Testing Service",
//type		= "", 
//number	= "",
//address	= "",
year		= "2010",
//month		= "",
//note		= "",
//doi		= {},
//url		= {}
}

@techreport{Kane_et_al_2011,
author 		= "Kane, T. and Taylor, E. and Tyler, J. and Wooten, A.",
title		= "Identifying Effective Classroom Practices Using Student Achievement Data",
institution = "National Bureau of Economic Research",
type		= "Working Paper",
series		= "Working Paper Series",
number		= "15803",
year		= "2010",
month		= "March",
doi		= {https://www.doi.org/10.3386/w15803},
URL		= {http://www.nber.org/papers/w15803}
}

@techreport{Kane_et_al_2012,
author 		= "Kane, T. and Staiger, D.",
title		= "Gathering Feedback for Teaching: Combining High-Quality
Observations with Student Surveys and Achievement Gains",
institution 	= "Bill & Melinda Gates Foundation",
type		= "Research Paper",
//series	= "",
//number	= "",
year		= "2012",
//month		= "",
//doi		= {},
URL		= {https://k12education.gatesfoundation.org/download/?Num=2678&filename=MET_Gathering_Feedback_Practioner_Brief.pdf}
}

@TechReport{Ome_2012,
author		= "Ome, A.",
title		= "The Effects of Meritocracy for Teachers in Colombia",
year		= "2012",
month		= "July",
institution	= "Fedesarrollo",
type		= "Research report",
//doi		= {},
url		= {https://ideas.repec.org/p/col/000124/010260.html}
}

@techreport{Kane_et_al_2013,
author 		= "Kane, T. and McCaffrey, D. and Miller, T. and Staiger, D.",
title		= "Have We Identified Effective Teachers? Validating Measures of Effective Teaching Using Random Assignment",
institution 	= "Bill & Melinda Gates Foundation",
type		= "Research Paper",
//series	= "",
//number	= "",
year		= "2013",
//month		= "",
//doi		= {},
URL		= {https://files.eric.ed.gov/fulltext/ED540959.pdf}
}

@techreport{Muralidharan_et_al_2013,
author		= "Muralidharan, K. and Sundararaman, V.", 
title		= "Contract Teachers: Experimental Evidence from India",
institution	= "National Bureau of Economic Research",
type		= "Working Paper",
series		= "Working Paper Series",
number		= "19440",
year		= "2013",
month		= "September",
doi		= {https://www.doi.org/10.3386/w19440},
url		= {http://www.nber.org/papers/w19440}
}

@techreport{Bruns_et_al_2015,
author		= "Bruns, B. and Luque, J. and De Gregorio, S. and Evans, D. and Fernández, M. and Moreno, M. and Rodriguez, J. Toral, G. and Yarrow, N.",
title		= "Great Teachers: How to Raise Student Learning in Latin America and the Caribbean",
institution	= "World Bank Group",
//type		= "", 
//number	= "",
//address	= "",
year		= "2015",
//month		= "",
//note		= "",
//doi		= {},
//url		= {}
}

@techreport{Sutcher_et_al_2016,
author		= "Sutcher, L. and Darling-Hammond, L. and and Carver-Thomas, D. ",
title		= "A Coming Crisis in Teaching? Teacher Supply, Demand, and Shortages in the U.S.",
institution	= "Learning Policy Institute",
//type		= "", 
//number	= "",
//address	= "",
year		= "2016",
//month		= "",
//note		= "",
//doi		= {},
//url		= {}
}

@techreport{Elacqua_et_al_2018,
author		= "Elacqua, G. and Hincapié, D.  and Vegas, E. and Alfonso, M.",
title		= "Profesión: profesor en América Latina ¿Por qué se perdió el prestigio docente y cómo recuperarlo?",
institution	= "Banco Interamericano de Desarrollo",
//type		= "", 
//number	= "",
//address	= "",
year		= "2018",
//month		= "",
//note		= "",
//doi		= {},
//url		= {}
}

@techreport{Bertoni_et_al_2020a,
author		= "Bertoni, E. and Elacqua, G. and Marotta, L. and Martinez, M. and Méndez, C. and Montalva, V. and Olsen, A. and Santos, H. and Soares, S.",
title		= "Escasez de Docentes en Latinoamérica: ¿Cómo se puede medir y que políticas están implementando los países para resolverlo?",
institution	= "Banco Interamericano de Desarrollo",
//type		= "", 
//number	= "",
//address	= "",
year		= "2020",
month		= "March",
//note		= "",
//doi		= {},
//url		= {}
}

@techreport{Bertoni_et_al_2020b,
author		= "Bertoni, E. and Elacqua, G. and Méndez, C. and Montalva, V. and Munevar, I. and Olsen, A. and Román, A.",
title		= "Concurso docentes en Latinoamérica: Claves para mejorar calidad, eficiencia y equidad en educación",
institution	= "Banco Interamericano de Desarrollo",
//type		= "", 
//number	= "",
//address	= "",
year		= "2020",
month		= "April",
//note		= "",
//doi		= {},
//url		= {}
}

@techreport{Hincapie_et_al_2020,
author		= "Cruz-Aguayo, Y. and Hincapié, D. and Rodríguez, C.",
title		= "Profesores a prueba: claves para una evaluación docente exitosa",
institution	= "Banco Interamericano de Desarrollo",
//type		= "", 
//number	= "",
//address	= "",
year		= "2020",
//month		= "",
//note		= "",
//doi		= {},
//url		= {}
}











%%%%%%%%%%%%%%%%%%%%%%%%%%%%%%%%%%
%%%%%%%%%%%%%%%%%%%%%%%%%%%%%%%%%%
% Books
%%%%%%%%%%%%%%%%%%%%%%%%%%%%%%%%%%
%%%%%%%%%%%%%%%%%%%%%%%%%%%%%%%%%%

@book{Kelley_1927,
author		= "Kelley, T.",
title		= "Interpretation of educational measurements",
publisher	= "World Book Co.",
//volume	= "",
//number	= "",
series		= "Measurement and adjustment series",
//address	= "",
//edition	= "",
year		= "1927",
//month		= "",
//note		= "",
//doi		= {},
//url		= {}
}

@article{Blalock_1961,
author		= "Blalock, H.",
title		= "Causal inferences in nonexperimental research",
publisher	= "The University of North Carolina Press",
//volume	= "",
//number	= "",
//series	= "",
//address	= "",
//edition	= "",
year		= "1961",
//month		= "",
//note		= "",
//doi		= {},
//url		= {}
}

@book{Rasch_1980,
author		= "Rasch, G.",
title		= "Probabilistic Models for Some Intelligence and Attainment Tests",
publisher	= "University of Chicago Press",
//volume	= "",
//number	= "",
//series	= "",
//address	= "",
//edition	= "",
year		= "1980",
//month		= "",
//note		= "",
//doi		= {},
//url		= {}
}

@book{Rubin_1987,
author		= "Rubin, D.",
title		= "Multiple Imputation for Nonresponse in Surveys",
publisher	= "John Wiley and Sons, Inc.",
//volume	= "",
//number	= "",
series		= "Wiley series in probability and mathematical statistics",
//address	= "",
//edition	= "",
year		= "1987",
//month		= "",
//note		= "",
//doi		= {},
//url		= {}
}

@book{Nelder_et_al_1989,
author		= "McCullagh, P. and Nelder, J.",
title		= "Generalized Linear Models",
publisher	= "Chapman & Hall/CRC Press",
//volume	= "",
//number	= "",
series		= "Monographs on Statistics & Applied Probability",
//address	= "",
//edition	= "",
year		= "1989",
//month		= "",
//note		= "",
//doi		= {},
//url		= {}
}

@book{Hambleton_et_al_1991a,
author		= "Hambleton, R. and Swaminathan, H. and Rogers, H.",
title		= "Fundamentals of Item Response Theory",
publisher	= "SAGE Publications Inc.",
//volume	= "",
//number	= "",
//series	= "",
//address	= "",
//edition	= "",
year		= "1991",
//month		= "",
//note		= "",
//doi		= {},
//url		= {}
}

@book{Hambleton_et_al_1991b,
author		= "Hambleton, R. and Swaminathan, H.",
title		= "Item Response Theory",
publisher	= "Springer Science+Business Media, LLC",
//volume	= "",
//number	= "",
series		= "Evaluation in Education and Human Services series",
//address	= "",
//edition	= "",
year		= "1991",
//month		= "",
//note		= "",
//doi		= {},
//url		= {}
}

@book{Linden_1997,
author		= "Linden, W.",
title		= "Handbook of Modem Item Response Theory",
publisher	= "Springer Science+Business Media, LLC",
//volume	= "",
//number	= "",
//series	= "",
//address	= "",
edition		= "Hambleton, R. and Linden, W.",
year		= "1997",
//month		= "",
//note		= "",
//doi		= {},
//url		= {}
}

@book{Little_et_al_2002,
author		= "Little, R. and Rubin, D.",
title		= "Statistical Analysis with Missing Data",
publisher	= "John Wiley and Sons, Inc.",
//volume	= "",
//number	= "",
series		= "Wiley series in probability and statistics",
//address	= "",
//edition	= "",
year		= "2002",
//month		= "",
//note		= "",
//doi		= {},
//url		= {}
}

@book{Raudenbush_et_al_2002,
author		= "Raudenbush, S. and Bryk, A.",
title		= "Hierarchical linear models: Applications and data analysis methods (Vol. 1)",
publisher	= "SAGE Publications Inc.",
//volume	= "",
//number	= "",
series		= "Advanced Quantitative Techniques in the Social Sciences",
//address	= "",
//edition	= "",
year		= "2002",
//month		= "",
//note		= "",
//doi		= {},
//url		= {}
}

@book{Skrondal_et_al_2004a,
author		= "Skrondal, A. and Rabe-Hesketh, S.",
title		= "Generalized Latent Variable Modeling: Multilevel, Longitudinal, and Structural Equation Models",
publisher	= "Chapman & Hall/CRC Press",
//volume	= "",
//number	= "",
series		= "Interdisciplinary Statistics",
//address	= "",
//edition	= "",
year		= "2004",
//month		= "",
//note		= "",
//doi		= {},
//url		= {}
}

@book{Wainer_et_al_2007,
author		= "Wainer, H. and Bradlow, E. and Wang, X.",
title		= "Testlet response theory and its applications",
publisher	= "Cambridge University Press",
//volume	= "",
//number	= "",
//series		= "",
//address	= "",
//edition	= "",
year		= "2007",
//month		= "",
//note		= "",
//doi		= {},
//url		= {}
}

@book{Reckase_2009,
author		= "Reckase, M.",
title		= "Multidimensional Item Response Theory",
publisher	= "Springer Science+Business Media, LLC",
//volume	= "",
//number	= "",
series		= "Statistics for Social and Behavioral Sciences",
//address	= "",
//edition	= "",
year		= "2009",
//month		= "",
//note		= "",
//doi		= {},
//url		= {}
}

@book{Enders2010,
author		= "Enders, C.",
title		= "Applied Missing Data Analysis",
publisher	= "The Guilford Press",
//volume	= "",
//number	= "",
series		= "Methodology in the Social Sciences",
//address	= "",
edition		= "Kenny, D. and Little, T.",
year		= "2010",
//month		= "",
//note		= "",
//doi		= {},
//url		= {}
}


@book{Fox_2010,
author    	= "Fox, J.",
title     	= "Bayesian Item Response Modeling, Theory and Applications",
publisher 	= "Springer Science+Business Media, LLC",
//volume   	= "",
//number   	= "",
series   	= "Statistics for Social and Behavioral Sciences",
//address  	= "",
edition  	= "Fienberg, S. and van der Linden, W.",
year      	= "2010",
//month		= "",
//note		= "",
//doi		= {},
//url		= {}
}


@book{Bartholomew_2013,
author		= "Bartholomew, D.",
title		= "Unobserved Variables Models and Misunderstandings",
publisher	= "Springer Science+Business Media, LLC",
//volume	= "",
//number	= "",
series		= "SpringerBriefs in Statistics",
//address	= "",
//edition	= "",
year		= "2013",
//month		= "",
//note		= "",
//doi		= {},
//url		= {}
}

@book{Gelman_et_al_2014,
author		= "Gelman, A. and Carlin, J. and Stern, H. and Dunson, D. and Vehtari, A. and Rubin, D.",
title		= "Bayesian Data Analysis",
publisher	= "Chapman and Hall/CRC",
//volume	= "",
//number	= "",
series		= "Texts in Statistical Science",
//address	= "",
edition	= "Third",
year		= "2014",
//month		= "",
//note		= "",
//doi		= {},
//url		= {}
}

@book{Beaujean_2014,
author		= "Beaujean, A.",
title		= "Latent Variable Modeling Using R. A Step-by-Step Guide.",
publisher	= "Routledge",
//volume	= "",
//number	= "",
//series		= "",
//address	= "",
//edition	= "",
year		= "2014",
//month		= "",
//note		= "",
//doi		= {},
//url		= {}
}

@book{Brown_2015,
author		= "Brown, T.",
title		= "Confirmatory Factor Analysis for Applied Research",
publisher	= "The Guilford Press",
//volume	= "",
//number	= "",
series		= "Methodology in the Social Sciences",
//address	= "",
//edition	= "",
year		= "2015",
//month		= "",
//note		= "",
//doi		= {},
//url		= {}
}


@book{McElreath_2020,
author		= "McElreath, R.",
title		= "Statistical Rethinking: A Bayesian Course with Examples in R and Stan",
publisher	= "Chapman and Hall/CRC",
//volume	= "",
//number	= "",
series		= "Texts in Statistical Science",
//address	= "",
edition	= "2",
year		= "2020",
//month		= "",
//note		= "",
doi		= {https://doi.org/10.1201/9780429029608},
//url		= {}
}










%%%%%%%%%%%%%%%%%%%%%%%%%%%%%%%%%%
%%%%%%%%%%%%%%%%%%%%%%%%%%%%%%%%%%
% Incollections
%%%%%%%%%%%%%%%%%%%%%%%%%%%%%%%%%%
%%%%%%%%%%%%%%%%%%%%%%%%%%%%%%%%%%


@incollection{Bock_1969,
author		= "Bock, R.",
title		= "Estimating multinomial response relations",
//chapter		= "",
booktitle	= "Essays in probability and statistics",
editor		= "Bose, R.",
publisher	= "University of North Carolina Press",
volume		= "3",
pages		= "1277 - 1366",
year		= "1999",
doi		= {https://www.doi.org/10.1016/S1573-4463(99)03004-7},
url		= {http://www.sciencedirect.com/science/article/pii/S1573446399030047}
}

@incollection{Angrist_et_al_1999,
author		= "Angrist, J. and Krueger, A.",
title		= "Empirical Strategies in Labor Economics",
chapter	= "23",
booktitle	= "Handbook of Labor Economics",
editor		= "Ashenfelter, O. and Card, D.",
publisher	= "Elsevier",
volume		= "3",
pages		= "1277 - 1366",
year		= "1999",
doi		= {https://www.doi.org/10.1016/S1573-4463(99)03004-7},
url		= {http://www.sciencedirect.com/science/article/pii/S1573446399030047}
}

@incollection{Hanushek_et_al_2006,
author		= "Hanushek, E. and Rivkin, S.",
title 		= "Teacher Quality",
chapter	= "18",
booktitle	= "Handbook of the Economics of Education",
editor		= "E. Hanushek and F. Welch",
publisher	= "Elsevier",
volume		= "2",
pages		= "1051 - 1078",
year		= "2006",
doi		= {https://www.doi.org/10.1016/S1574-0692(06)02018-6},
url		= {http://www.sciencedirect.com/science/article/pii/S1574069206020186}
}

@incollection{Kline_2012,
author		= "Kline, R.",
title 		= "Assumptions in Structural Equation Modeling",
chapter	= "7",
booktitle	= "Handbook of Structural Equation Modeling",
editor		= "Hoyle, R.",
publisher	= "The Guilford Press",
//volume	= "",
pages		= "111-125",
year		= "2012",
//doi		= {},
//url		= {}
}

@incollection{Rabe_et_al_2012,
author		= "Rabe-Hesketh, S. and Skrondal, A. and Zheng, X.",
title 		= "Multilevel Structural Equation Modeling",
chapter	= "30",
booktitle	= "Handbook of Structural Equation Modeling",
editor		= "Hoyle, R.",
publisher	= "The Guilford Press",
//volume	= "",
pages		= "512-531",
year		= "2012",
//doi		= {},
//url		= {}
}














%%%%%%%%%%%%%%%%%%%%%%%%%%%%%%%%%%
%%%%%%%%%%%%%%%%%%%%%%%%%%%%%%%%%%
% Inproceedings
%%%%%%%%%%%%%%%%%%%%%%%%%%%%%%%%%%
%%%%%%%%%%%%%%%%%%%%%%%%%%%%%%%%%%

@incollection{Gelfand_et_al_1996,
author		= "Gelfand, A. and Sahu, S. and Carlin, B.",
title		= "Efficient parameterizations for generalised linear models (with discussion)",
//chapter	= "",
booktitle	= "Bayesian Statistics",
editor		= "Bernardo, J. and Berger, J. and Dawid, A. and Smith, a.",
volume		= "5",
//number	= "",
//series	= "",
pages		= "165-180",
//address	= "",
organization	= "Oxford University Press",
//publisher	= "",
year      	= "1996",
//month    	= "",
//note     	= "",
//doi     	= {},
//url		= {}
}

@inproceedings{Kim_1999,
author    	= "Kim, S. and Cohen, A.",
title     	= "Accuracy of Parameter Estimation in Gibbs Sampling under the Two-Parameter Logistic Model",
booktitle   	= "Annual Meeting of the American Educational Research Association",
//editor	= "",
//volume	= "",
//number	= "",
//series	= "",
//pages		= "",
//address	= "",
organization	= "American Educational Research Association",
//publisher	= "",
year      	= "1999",
//month    	= "",
//note     	= "",
//doi     	= {},
url		= {https://eric.ed.gov/?id=ED430012}
}


@inproceedings{Bazan_2014,
author		= "Bazán, J.",
title		= "Enfoque Bayesiano nos modelos de Teoria da resposta ao item",
booktitle	= "21° SINAPE - Simpósio Nacional de Probabilidade e Estatística",
//editor	= "",
//volume	= "",
//number	= "",
//series	= "",
//pages		= "",
//address	= "",
organization	= "Associacao Brasileira de Estatística",
//publisher	= "",
year		= "2014",
//month		= "",
//note		= "",
//doi		= {},
//url		= {}
}


@inproceedings{Skrondal_et_al_2004b,
author		= "Skrondal, A and Rabe-Hesketh, S.",
title		= "Generalized Linear Latent and Mixed Models with Composite Links and Exploded Likelihoods",
booktitle	= "Proceedings of the 19th International Workshop on Statistical Modeling",
editor		= "BiggeriA. and Dreassi, E. and Lagazio, C. and Marchi, M.",
//volume	= "",
//number	= "",
//series	= "",
pages		= "27-39",
address		= "Florence, Italy",
//organization	= "",
publisher	= "Firenze University Press",
year		= "2004",
//month		= "",
//note		= "",
//doi		= {},
url		= {http://www.gllamm.org/composite_conf.pdf}
}










%%%%%%%%%%%%%%%%%%%%%%%%%%%%%%%%%%
%%%%%%%%%%%%%%%%%%%%%%%%%%%%%%%%%%
% Master Thesis
%%%%%%%%%%%%%%%%%%%%%%%%%%%%%%%%%%
%%%%%%%%%%%%%%%%%%%%%%%%%%%%%%%%%%

@mastersthesis{Azevedo_2003,
author		= "Azevedo, C.",
title		= "M\'{e}todos de Estima\c{c}\~{a}o na Teoria de Resposta ao Item",
school		= "Universidade de S\~{a}o Paulo (USP)",
//type		= "",
//address	= "",
year		= "2003",
//month	= "",
//note		= "",
//doi		= {},
url		= {https://teses.usp.br/teses/disponiveis/45/45133/tde-05102004-163906/pt-br.php}
}

@mastersthesis{Chincaro_2010,
author		= "Chincaro, O.",
title		= "Modelo de Rasch dicotómico con aplicación a la Educación",
school		= "Pontificia Universidad Católica del Perú",
//type		= "",
//address	= "",
year		= "2010",
//month	= "",
//note		= "",
//doi		= {},
//url		= {}
}

@mastersthesis{Flores_2012,
author		= "Flores, S.",
title		= "Modelos testlet log\'isticos y log\'isticos de exponente positivo para pruebas de compresión de textos",
school		= "Pontificia Universidad Católica del Perú",
//type		= "",
//address	= "",
year		= "2012",
//month	= "",
//note		= "",
//doi		= {},
//url		= {}
}

@mastersthesis{Tarazona_2013,
author    = "Tarazona, E.",
title     = "Modelos Alternativos de Respuesta Graduada con aplicaciones en la Calidad de Servicios",
school    = "Pontificia Universidad Cat\'{o}lica del Per\'{u} (PUCP)",
//type		= "",
//address	= "",
year      = "2013",
//month	= "",
//note		= "",
//doi		= {},
url		= {http://hdl.handle.net/20.500.12404/6175}
}

@mastersthesis{Ayala_2017,
author		= "Ayala, M.",
title		= "Efecto de los docentes provisionales sobre desempeño escolar - evidencia para la educación secundaria oficial en Colombia",
school		= "Universidad de los Andes",
//type		= "",
//address	= "",
year		= "2017",
//month		= "",
//note		= "",
//doi		= {},
url		= {http://biblioteca.uniandes.edu.co/acepto201699.php?id=11802.pdf}
}

@mastersthesis{Rivera_2019,
author		= "Rivera, J.",
title		= "El Modelo de Respuesta Nominal: Aplicación a datos educacionales",
school		= "Pontificia Universidad Católica del Peru",
//type		= "",
//address	= "",
year		= "2019",
//month		= "",
//note		= "",
//doi		= {},
url		= {http://hdl.handle.net/20.500.12404/14600}
}
















%%%%%%%%%%%%%%%%%%%%%%%%%%%%%%%%%%
%%%%%%%%%%%%%%%%%%%%%%%%%%%%%%%%%%
% Miscelaneous
%%%%%%%%%%%%%%%%%%%%%%%%%%%%%%%%%%
%%%%%%%%%%%%%%%%%%%%%%%%%%%%%%%%%%

@misc{Ingersoll_1998,
author		= "Ingersoll, R.",
title		= "The Problem of Out-of-Field Teaching",
//journal	= "",
//volume	= "",
//number	= "",
//pages		= "",
year		= "1998",
//month		= "",
//note		= "",
//doi		= {},
url		= {https://repository.upenn.edu/gse_pubs/137}
}

@misc{Duflo_et_al_2009,
author		= "Duflo, E. and Dupas, P. and Kremer, M.",
title		= "Additional Resources versus Organizational Changes in Education: Experimental Evidence from Kenya",
//journal	= "",
//volume	= "",
//number	= "",
//pages		= "",
year		= "2009",
//month		= "",
//note		= "",
//doi		= {},
//url		= {}
}

@misc{Betancourt_et_al_2013,
title		={Hamiltonian Monte Carlo for Hierarchical Models}, 
author		={Betancourt, M. and Girolami, M.},
//journal	= "",
//volume	= "",
//number	= "",
//pages		= "",
year={2013},
eprint={1312.0906},
//month		= "",
//note		= "",
//doi		= {},
url		= {}
}

@misc{Gorinova_et_al_2019,
author		={Gorinova, M. and Moore, D. and Hoffman, M.},
title		={Automatic Reparameterisation of Probabilistic Programs}, 
//journal	= "",
//volume	= "",
//number	= "",
//pages		= "",
year		={2019},
//month		= "",
//note		= "",
eprint		={1906.03028},
//doi		= {},
url		= {https://arxiv.org/abs/1906.03028}      
}

@Misc{RStan2020,
  title = {{RStan}: the {R} interface to {Stan}},
  author = {{Stan Development Team}},
  note = {R package version 2.21.2},
  year = {2020},
  url = {http://mc-stan.org/},
}













%%%%%%%%%%%%%%%%%%%%%%%%%%%%%%%%%%
%%%%%%%%%%%%%%%%%%%%%%%%%%%%%%%%%%
% Manual
%%%%%%%%%%%%%%%%%%%%%%%%%%%%%%%%%
%%%%%%%%%%%%%%%%%%%%%%%%%%%%%%%%%%

@Manual{Rabe_et_al_2004c,
title 		= {GLLAMM Manual},
author		= {Rabe-Hesketh, S. and Skrondal, A. and Pickles, A.},
organization	= {UC Berkeley Division of Biostatistics},
//address	= {},
year		= {2004},
url		= {http://www.biostat.jhsph.edu/~fdominic/teaching/bio656/software-gllamm.manual.pdf},
}

@Manual{Muthen_et_al_2011,
title 		= {Mplus User's Guide},
author		= {Muth\'en, L. and Muth\'en, B.},
organization	= {CA: Muth\'en & Muth\'en.},
//address	= {},
year		= {1998-2011},
//url		= {},
}

@Manual{R2015,
title 		= {R: A Language and Environment for Statistical Computing},
author		= {{R Core Team}},
organization	= {R Foundation for Statistical Computing},
address		= {Vienna, Austria},
year		= {2015},
url		= {http://www.R-project.org/},
}

@Manual{Stan2020,
title 		= {Stan Modeling Language Users Guide and Reference Manual, version 2.26},
author		= {{Stan Development Team.}},
//organization	= {},
address		= {Vienna, Austria},
year		= {2020},
url		= {https://mc-stan.org},
}
